@article {cms:higgs,
  author = {CMS Collaboration},
  title = {Observation of a new boson at a mass of 125 GeV with the CMS experiment at the LHC},
  journal = {Phys. Lett. B 716, 30â€“61},
  year = {2012},
}

@article {atlas:higgs,
  author = {ATLAS Collaboration},
  title = {Observation of a new particle in the search for the standard model Higgs boson with the ATLAS detector at the LHC},
  journal = {Phys. Lett. B 716, 1-29},
  year = {2012},
}

@article{sak:cp,
  author={Andrei D Sakharov},
  title={Violation of CP invariance, C asymmetry, and baryon asymmetry of the universe},
  journal={Soviet Physics Uspekhi 34, 392},
  year={1991},
}
